@book{hastings2004spacecraft,
  title={Spacecraft-environment interactions},
  author={Hastings, Daniel and Garrett, Henry},
  year={2004},
  publisher={Cambridge university press}
}

@misc{hargreaves1991introduction,
  title={Introduction to the space environment: Tascione TF, 1988, 126pp., Orbit, Malabar, Florida, USA,{\pounds} 29.95 (hb),{\pounds} 19.95 (pb)},
  author={Hargreaves, John K},
  year={1991},
  publisher={Pergamon}
}

@book{rossi2006pixel,
  title={Pixel detectors: From fundamentals to applications},
  author={Rossi, Leonardo and Fischer, Peter and Rohe, Tilman and Wermes, Norbert},
  year={2006},
  publisher={Springer Science \& Business Media}
}
