@book{shaw2012mems,
  title={MEMS and Nanotechnology, Volume 6: Proceedings of the 2012 Annual Conference on Experimental and Applied Mechanics},
  author={Shaw, Gordon A and Prorok, Barton C and Starman, LaVern A},
  volume={42},
  year={2012},
  publisher={Springer Science \& Business Media}
}

@article{coutu2006microswitches,
  title={Microswitches with sputtered Au, AuPd, Au-on-AuPt, and AuPtCu alloy electric contacts},
  author={Coutu, Ronald A and Reid, James R and Cortez, Rebecca and Strawser, Richard E and Kladitis, Paul E},
  journal={IEEE transactions on Components and Packaging Technologies},
  volume={29},
  number={2},
  pages={341--349},
  year={2006},
  publisher={IEEE}
}

@article{majumder2003mems,
  title={MEMS switches},
  author={Majumder, S and Lampen, J and Morrison, R and Maciel, J},
  journal={IEEE instrumentation \& measurement magazine},
  volume={6},
  number={1},
  pages={12--15},
  year={2003},
  publisher={IEEE}
}
