@book{hastings2004spacecraft,
  title={Spacecraft-environment interactions},
  author={Hastings, Daniel and Garrett, Henry},
  year={2004},
  publisher={Cambridge university press}
}

@misc{hargreaves1991introduction,
  title={Introduction to the space environment: Tascione TF, 1988, 126pp., Orbit, Malabar, Florida, USA,{\pounds} 29.95 (hb),{\pounds} 19.95 (pb)},
  author={Hargreaves, John K},
  year={1991},
  publisher={Pergamon}
}

@book{rossi2006pixel,
  title={Pixel detectors: From fundamentals to applications},
  author={Rossi, Leonardo and Fischer, Peter and Rohe, Tilman and Wermes, Norbert},
  year={2006},
  publisher={Springer Science \& Business Media}
}

@misc{am2016semiconductor,
      author = "Texas A\&M University / Nuclear Safeguards Education",
      title = "A semiconductor detector.",
      month = "January",
      year = "2017",
      url = "http://www.globalspec.com/learnmore/sensors_transducers_detectors/environmental_sensors/radiation_detectors"
}

@misc{tantalumproject2016,
     title = {(Pre) Phase A study of A Geostationary Transfer Orbit mission: Tantalum Project},
     author = {Savoy, Arnaud and Collange, Yannis},
     group = {eSpace},
     year = {2016},
     institution = {EPFL}
}

@misc{wikipedia2016vanallen,
      author = "Wikipedia",
      title = "Van Allen radiation belt",
      month = "January",
      year = "2017",
      url = "https://en.wikipedia.org/wiki/Van_Allen_radiation_belt"
}

@misc{Meier2016VATA466,
      author = "Meier, Dirk and Steenari, David",
      title = "VATA466 Preliminary Datasheet",
      month = "January",
      year = "2016",
      institution = "IDEAS"
}
